[gd_scene load_steps=38 format=2]

[ext_resource path="res://Systems/SettingsManager/CntPanels.cs" type="Script" id=1]
[ext_resource path="res://Systems/SettingsManager/PnlSettings.cs" type="Script" id=2]
[ext_resource path="res://Systems/SettingsManager/Controls/PnlControls.cs" type="Script" id=3]
[ext_resource path="res://Systems/SettingsManager/Controls/BtnRemap.tscn" type="PackedScene" id=4]
[ext_resource path="res://Systems/SettingsManager/Audio/PnlAudio.cs" type="Script" id=5]
[ext_resource path="res://Systems/SettingsManager/Graphics/PnlGraphics.cs" type="Script" id=6]
[ext_resource path="res://Systems/SettingsManager/Audio/Laser3.wav" type="AudioStream" id=7]
[ext_resource path="res://Interface/Fonts/VoidWarriorWhite48.tres" type="DynamicFont" id=8]
[ext_resource path="res://Interface/Themes/VoidSmallFont.tres" type="Theme" id=9]
[ext_resource path="res://Interface/Fonts/VoidWarriorWhite16.tres" type="DynamicFont" id=10]
[ext_resource path="res://Interface/Themes/VoidPnlFlat.tres" type="StyleBox" id=11]
[ext_resource path="res://Interface/Themes/VoidStyleBoxFlatBtnNormal.tres" type="StyleBox" id=12]
[ext_resource path="res://Interface/Fonts/Mospace.otf" type="DynamicFontData" id=13]
[ext_resource path="res://Interface/Buttons/BtnBase/BtnBase.tscn" type="PackedScene" id=14]
[ext_resource path="res://Interface/Themes/VoidFlatButton.tres" type="Theme" id=15]
[ext_resource path="res://Interface/Fonts/VoidWarriorWhite32.tres" type="DynamicFont" id=16]
[ext_resource path="res://Systems/SettingsManager/Audio/HighScore.wav" type="AudioStream" id=17]
[ext_resource path="res://Systems/SettingsManager/Audio/SkillUp1.wav" type="AudioStream" id=18]
[ext_resource path="res://Interface/Fonts/VoidWarriorWhite24.tres" type="DynamicFont" id=19]

[sub_resource type="StyleBoxFlat" id=1]
bg_color = Color( 0.133333, 0.152941, 0.188235, 1 )
border_width_left = 5
border_width_top = 5
border_width_right = 5
border_width_bottom = 5
border_color = Color( 0.071, 0.08115, 0.1, 1 )
corner_radius_top_left = 5
corner_radius_top_right = 5
corner_radius_bottom_right = 5
corner_radius_bottom_left = 5
expand_margin_top = 2.0
shadow_color = Color( 0.133333, 0.152941, 0.188235, 1 )
shadow_size = 2

[sub_resource type="StyleBoxFlat" id=2]
bg_color = Color( 0, 0.466667, 0.8, 1 )
border_width_left = 3
border_width_top = 3
border_width_right = 3
border_width_bottom = 3
border_color = Color( 0.00784314, 0.0588235, 0.14902, 1 )
corner_radius_top_left = 5
corner_radius_top_right = 5
corner_radius_bottom_right = 5
corner_radius_bottom_left = 5
expand_margin_top = 2.0
shadow_color = Color( 0.012, 0.1176, 0.3, 1 )
shadow_size = 2

[sub_resource type="StyleBoxFlat" id=3]
bg_color = Color( 0, 0.368627, 0.631373, 1 )
border_width_left = 3
border_width_top = 3
border_width_right = 3
border_width_bottom = 3
border_color = Color( 0.004, 0.0392, 0.1, 1 )
corner_radius_top_left = 5
corner_radius_top_right = 5
corner_radius_bottom_right = 5
corner_radius_bottom_left = 5
expand_margin_top = 2.0
shadow_color = Color( 0.00784314, 0.0784314, 0.2, 1 )
shadow_size = 2

[sub_resource type="StyleBoxFlat" id=4]
bg_color = Color( 0, 0.233333, 0.4, 1 )
border_width_left = 5
border_width_top = 5
border_width_right = 5
border_width_bottom = 5
border_color = Color( 0.0052, 0.05096, 0.13, 1 )
corner_radius_top_left = 3
corner_radius_top_right = 3
corner_radius_bottom_right = 3
corner_radius_bottom_left = 3
expand_margin_top = 2.0
shadow_color = Color( 0.01, 0.098, 0.25, 1 )
shadow_size = 2

[sub_resource type="StyleBoxFlat" id=5]
bg_color = Color( 0.005, 0.0398333, 0.1, 1 )

[sub_resource type="StyleBoxFlat" id=6]
bg_color = Color( 0.012, 0.1176, 0.3, 1 )

[sub_resource type="StyleBoxFlat" id=7]
bg_color = Color( 0.00784314, 0.0784314, 0.2, 1 )
border_width_left = 3
border_width_top = 3
border_width_right = 3
border_width_bottom = 3
border_color = Color( 0.00392157, 0.0392157, 0.101961, 1 )

[sub_resource type="StyleBoxFlat" id=8]
bg_color = Color( 0.796078, 0.909804, 0.992157, 1 )
border_width_left = 5
border_width_top = 5
border_width_right = 5
border_width_bottom = 5
border_color = Color( 0, 0.235294, 0.4, 1 )
expand_margin_top = 4.0
shadow_color = Color( 0, 0.116667, 0.2, 1 )
shadow_size = 2

[sub_resource type="StyleBoxFlat" id=9]
bg_color = Color( 0.643137, 0.85098, 1, 1 )
border_width_left = 5
border_width_top = 5
border_width_right = 5
border_width_bottom = 5
border_color = Color( 0, 0.235294, 0.4, 1 )
expand_margin_top = 4.0
shadow_color = Color( 0, 0.116667, 0.2, 1 )
shadow_size = 2

[sub_resource type="StyleBoxFlat" id=10]
bg_color = Color( 0, 0.233333, 0.4, 1 )
border_width_left = 5
border_width_top = 5
border_width_right = 5
border_width_bottom = 5
border_color = Color( 0, 0.235294, 0.4, 1 )
expand_margin_top = 4.0
shadow_color = Color( 0, 0.116667, 0.2, 1 )
shadow_size = 2

[sub_resource type="Theme" id=11]
default_font = ExtResource( 19 )
Button/colors/font_color = Color( 1, 1, 1, 1 )
Button/colors/font_color_disabled = Color( 0.901961, 0.901961, 0.901961, 0.384314 )
Button/colors/font_color_hover = Color( 1, 1, 1, 1 )
Button/colors/font_color_pressed = Color( 1, 1, 1, 1 )
Button/constants/hseparation = 2
Button/fonts/font = null
Button/styles/disabled = SubResource( 1 )
Button/styles/focus = null
Button/styles/hover = SubResource( 2 )
Button/styles/normal = SubResource( 3 )
Button/styles/pressed = SubResource( 4 )
HSlider/icons/grabber = null
HSlider/icons/grabber_disabled = null
HSlider/icons/grabber_highlight = null
HSlider/icons/tick = null
HSlider/styles/grabber_area = SubResource( 5 )
HSlider/styles/grabber_area_highlight = SubResource( 6 )
HSlider/styles/slider = SubResource( 7 )
LineEdit/colors/clear_button_color = Color( 0.88, 0.88, 0.88, 1 )
LineEdit/colors/clear_button_color_pressed = Color( 1, 1, 1, 1 )
LineEdit/colors/cursor_color = Color( 0.94, 0.94, 0.94, 1 )
LineEdit/colors/font_color = Color( 0, 0, 0, 1 )
LineEdit/colors/font_color_selected = Color( 0, 0, 0, 1 )
LineEdit/colors/font_color_uneditable = Color( 0.88, 0.88, 0.88, 0.5 )
LineEdit/colors/selection_color = Color( 0.49, 0.49, 0.49, 1 )
LineEdit/constants/minimum_spaces = 12
LineEdit/fonts/font = null
LineEdit/icons/clear = null
LineEdit/styles/focus = SubResource( 8 )
LineEdit/styles/normal = SubResource( 9 )
LineEdit/styles/read_only = null
Panel/styles/panel = SubResource( 10 )
ProgressBar/colors/font_color = Color( 0.94, 0.94, 0.94, 1 )
ProgressBar/colors/font_color_shadow = Color( 0, 0, 0, 1 )
ProgressBar/fonts/font = null
ProgressBar/styles/bg = null
ProgressBar/styles/fg = null

[sub_resource type="StyleBoxFlat" id=12]
bg_color = Color( 0.133333, 0.152941, 0.188235, 1 )
border_width_left = 1
border_width_top = 1
border_width_right = 1
border_width_bottom = 1
border_color = Color( 0.071, 0.08115, 0.1, 1 )
expand_margin_left = 5.0
shadow_color = Color( 0.133333, 0.152941, 0.188235, 1 )
shadow_size = 2

[sub_resource type="StyleBoxFlat" id=13]
bg_color = Color( 0, 0.35, 0.6, 1 )
border_width_left = 1
border_width_top = 1
border_width_right = 1
border_width_bottom = 1
border_color = Color( 0.00784314, 0.0588235, 0.14902, 1 )
expand_margin_left = 5.0
shadow_color = Color( 0.012, 0.1176, 0.3, 1 )
shadow_size = 2

[sub_resource type="StyleBoxFlat" id=14]
bg_color = Color( 0, 0.235294, 0.4, 1 )
border_width_left = 1
border_width_top = 1
border_width_right = 1
border_width_bottom = 1
border_color = Color( 0.004, 0.0392, 0.1, 1 )
expand_margin_left = 5.0
shadow_color = Color( 0.00784314, 0.0784314, 0.2, 1 )
shadow_size = 2

[sub_resource type="StyleBoxFlat" id=15]
bg_color = Color( 0, 0.175, 0.3, 1 )
border_width_left = 1
border_width_top = 1
border_width_right = 1
border_width_bottom = 1
border_color = Color( 0.0052, 0.05096, 0.13, 1 )
expand_margin_left = 5.0
shadow_color = Color( 0.01, 0.098, 0.25, 1 )
shadow_size = 2

[sub_resource type="StyleBoxFlat" id=16]
bg_color = Color( 0.0156863, 0.156863, 0.4, 1 )
border_width_left = 5
border_width_top = 5
border_width_right = 5
border_width_bottom = 5
border_color = Color( 0.00784314, 0.0784314, 0.2, 1 )
corner_radius_top_right = 25
corner_radius_bottom_left = 25
expand_margin_top = 8.0
shadow_color = Color( 0.0156863, 0.156863, 0.4, 1 )
shadow_size = 2

[sub_resource type="DynamicFont" id=17]
size = 24
outline_color = Color( 0.384314, 0.364706, 0.364706, 1 )
font_data = ExtResource( 13 )

[sub_resource type="Theme" id=18]
default_font = SubResource( 17 )
Button/colors/font_color = Color( 1, 1, 1, 1 )
Button/colors/font_color_disabled = Color( 0.901961, 0.901961, 0.901961, 0.384314 )
Button/colors/font_color_hover = Color( 1, 1, 1, 1 )
Button/colors/font_color_pressed = Color( 1, 1, 1, 1 )
Button/constants/hseparation = 2
Button/fonts/font = null
Button/styles/disabled = SubResource( 12 )
Button/styles/focus = null
Button/styles/hover = SubResource( 13 )
Button/styles/normal = SubResource( 14 )
Button/styles/pressed = SubResource( 15 )
LineEdit/colors/clear_button_color = Color( 0.88, 0.88, 0.88, 1 )
LineEdit/colors/clear_button_color_pressed = Color( 1, 1, 1, 1 )
LineEdit/colors/cursor_color = Color( 0.94, 0.94, 0.94, 1 )
LineEdit/colors/font_color = Color( 0.88, 0.88, 0.88, 1 )
LineEdit/colors/font_color_selected = Color( 0, 0, 0, 1 )
LineEdit/colors/font_color_uneditable = Color( 0.88, 0.88, 0.88, 0.5 )
LineEdit/colors/selection_color = Color( 0.49, 0.49, 0.49, 1 )
LineEdit/constants/minimum_spaces = 12
LineEdit/fonts/font = null
LineEdit/icons/clear = null
LineEdit/styles/focus = SubResource( 16 )
LineEdit/styles/normal = null
LineEdit/styles/read_only = null
Panel/styles/panel = null

[node name="PnlSettings" type="Panel"]
anchor_left = 0.5
anchor_top = 0.5
anchor_right = 0.5
anchor_bottom = 0.5
margin_left = -462.0
margin_top = -255.0
margin_right = 455.0
margin_bottom = 254.0
theme = SubResource( 11 )
script = ExtResource( 2 )
__meta__ = {
"_edit_use_anchors_": false
}

[node name="LblTitle" type="Label" parent="."]
margin_right = 957.0
margin_bottom = 73.0
custom_fonts/font = ExtResource( 8 )
text = "Settings"
align = 1
valign = 1

[node name="CntPanels" type="Control" parent="."]
margin_left = 159.0
margin_top = 107.0
margin_right = 890.0
margin_bottom = 428.0
script = ExtResource( 1 )
__meta__ = {
"_edit_use_anchors_": false
}

[node name="PnlAudio" type="Panel" parent="CntPanels"]
visible = false
margin_top = -33.98
margin_right = 720.0
margin_bottom = 326.02
custom_styles/panel = ExtResource( 12 )
script = ExtResource( 5 )
__meta__ = {
"_edit_use_anchors_": false
}
_voiceSample = ExtResource( 17 )
_effectsSample = ExtResource( 7 )
_musicSample = ExtResource( 18 )

[node name="SoundPlayer" type="AudioStreamPlayer" parent="CntPanels/PnlAudio"]

[node name="LblTitle" type="Label" parent="CntPanels/PnlAudio"]
margin_right = 682.0
margin_bottom = 63.0
custom_fonts/font = ExtResource( 16 )
text = "Audio"
align = 1
valign = 1
__meta__ = {
"_edit_use_anchors_": false
}

[node name="HSlidVoice" type="HSlider" parent="CntPanels/PnlAudio"]
margin_left = 161.306
margin_top = 75.0
margin_right = 522.306
margin_bottom = 110.0
max_value = 1.0
step = 0.0
value = 1.0
__meta__ = {
"_edit_use_anchors_": false
}

[node name="LblTitle" type="Label" parent="CntPanels/PnlAudio/HSlidVoice"]
margin_left = -148.784
margin_top = 3.81891
margin_right = -28.7844
margin_bottom = 31.8189
text = "Voice"
align = 2
valign = 1

[node name="Lbl0" type="Label" parent="CntPanels/PnlAudio/HSlidVoice"]
margin_left = -14.0831
margin_top = 19.9466
margin_right = 18.9169
margin_bottom = 47.9466
text = "0"
align = 1
valign = 1

[node name="Lbl50" type="Label" parent="CntPanels/PnlAudio/HSlidVoice"]
margin_left = 163.844
margin_top = 19.9466
margin_right = 196.844
margin_bottom = 47.9466
text = "50"
align = 1
valign = 1

[node name="Lbl100" type="Label" parent="CntPanels/PnlAudio/HSlidVoice"]
margin_left = 341.844
margin_top = 19.9466
margin_right = 374.844
margin_bottom = 47.9466
text = "100"
align = 1
valign = 1

[node name="HSlidEffects" type="HSlider" parent="CntPanels/PnlAudio"]
margin_left = 161.306
margin_top = 135.095
margin_right = 522.306
margin_bottom = 170.095
max_value = 1.0
step = 0.0
value = 1.0
__meta__ = {
"_edit_use_anchors_": false
}

[node name="LblTitle" type="Label" parent="CntPanels/PnlAudio/HSlidEffects"]
margin_left = -148.784
margin_top = 3.81891
margin_right = -28.7844
margin_bottom = 31.8189
text = "Effects"
align = 2
valign = 1

[node name="Lbl0" type="Label" parent="CntPanels/PnlAudio/HSlidEffects"]
margin_left = -14.0831
margin_top = 19.9466
margin_right = 18.9169
margin_bottom = 47.9466
text = "0"
align = 1
valign = 1

[node name="Lbl50" type="Label" parent="CntPanels/PnlAudio/HSlidEffects"]
margin_left = 163.844
margin_top = 19.9466
margin_right = 196.844
margin_bottom = 47.9466
text = "50"
align = 1
valign = 1

[node name="Lbl100" type="Label" parent="CntPanels/PnlAudio/HSlidEffects"]
margin_left = 341.844
margin_top = 19.9466
margin_right = 374.844
margin_bottom = 47.9466
text = "100"
align = 1
valign = 1

[node name="HSlidMusic" type="HSlider" parent="CntPanels/PnlAudio"]
margin_left = 161.306
margin_top = 194.679
margin_right = 522.306
margin_bottom = 229.679
max_value = 1.0
step = 0.0
value = 1.0
__meta__ = {
"_edit_use_anchors_": false
}

[node name="LblTitle" type="Label" parent="CntPanels/PnlAudio/HSlidMusic"]
margin_left = -148.784
margin_top = 3.81891
margin_right = -28.7844
margin_bottom = 31.8189
text = "Music"
align = 2
valign = 1

[node name="Lbl0" type="Label" parent="CntPanels/PnlAudio/HSlidMusic"]
margin_left = -14.0831
margin_top = 19.9466
margin_right = 18.9169
margin_bottom = 47.9466
text = "0"
align = 1
valign = 1

[node name="Lbl50" type="Label" parent="CntPanels/PnlAudio/HSlidMusic"]
margin_left = 163.844
margin_top = 19.9466
margin_right = 196.844
margin_bottom = 47.9466
text = "50"
align = 1
valign = 1

[node name="Lbl100" type="Label" parent="CntPanels/PnlAudio/HSlidMusic"]
margin_left = 341.844
margin_top = 19.9466
margin_right = 374.844
margin_bottom = 47.9466
text = "100"
align = 1
valign = 1

[node name="HSlidMaster" type="HSlider" parent="CntPanels/PnlAudio"]
margin_left = 161.306
margin_top = 253.113
margin_right = 522.306
margin_bottom = 288.113
max_value = 1.0
step = 0.0
value = 1.0
__meta__ = {
"_edit_use_anchors_": false
}

[node name="LblTitle" type="Label" parent="CntPanels/PnlAudio/HSlidMaster"]
margin_left = -148.784
margin_top = 3.81891
margin_right = -28.7844
margin_bottom = 31.8189
text = "Master"
align = 2
valign = 1

[node name="Lbl0" type="Label" parent="CntPanels/PnlAudio/HSlidMaster"]
margin_left = -14.0831
margin_top = 19.9466
margin_right = 18.9169
margin_bottom = 47.9466
text = "0"
align = 1
valign = 1

[node name="Lbl50" type="Label" parent="CntPanels/PnlAudio/HSlidMaster"]
margin_left = 163.844
margin_top = 19.9466
margin_right = 196.844
margin_bottom = 47.9466
text = "50"
align = 1
valign = 1

[node name="Lbl100" type="Label" parent="CntPanels/PnlAudio/HSlidMaster"]
margin_left = 341.844
margin_top = 19.9466
margin_right = 374.844
margin_bottom = 47.9466
text = "100"
align = 1
valign = 1

[node name="PnlGraphics" type="Panel" parent="CntPanels"]
margin_top = -33.9796
margin_right = 720.0
margin_bottom = 326.02
custom_styles/panel = ExtResource( 12 )
script = ExtResource( 6 )
__meta__ = {
"_edit_use_anchors_": false
}

[node name="LblTitle" type="Label" parent="CntPanels/PnlGraphics"]
margin_right = 668.0
margin_bottom = 44.0
custom_fonts/font = ExtResource( 16 )
text = "Graphics"
align = 1
valign = 1
__meta__ = {
"_edit_use_anchors_": false
}

[node name="CBoxFullScreen" type="CheckBox" parent="CntPanels/PnlGraphics"]
anchor_left = 0.5
anchor_top = 0.5
anchor_right = 0.5
anchor_bottom = 0.5
margin_left = -297.0
margin_top = -98.0
margin_right = -182.0
margin_bottom = -63.0
theme = SubResource( 18 )
text = "FullScreen"
align = 1
__meta__ = {
"_edit_use_anchors_": false
}

[node name="PnlControls" type="Panel" parent="CntPanels"]
visible = false
margin_top = -33.9796
margin_right = 720.0
margin_bottom = 326.02
custom_styles/panel = ExtResource( 11 )
script = ExtResource( 3 )
__meta__ = {
"_edit_use_anchors_": false
}

[node name="VBoxActions" type="VBoxContainer" parent="CntPanels/PnlControls"]
margin_left = -84.339
margin_top = 39.9482
margin_right = 475.661
margin_bottom = 314.948
__meta__ = {
"_edit_use_anchors_": false
}

[node name="HBoxActionRow" type="HBoxContainer" parent="CntPanels/PnlControls/VBoxActions"]
margin_right = 560.0
margin_bottom = 42.0
size_flags_vertical = 3
custom_constants/separation = 20

[node name="LblAction" type="Label" parent="CntPanels/PnlControls/VBoxActions/HBoxActionRow"]
margin_top = 12.0
margin_right = 308.0
margin_bottom = 29.0
size_flags_horizontal = 3
custom_fonts/font = ExtResource( 10 )
text = "Up"
align = 2

[node name="BtnRemap" parent="CntPanels/PnlControls/VBoxActions/HBoxActionRow" instance=ExtResource( 4 )]
margin_left = 328.0
margin_right = 560.0
margin_bottom = 42.0
size_flags_stretch_ratio = 0.75
theme = ExtResource( 15 )
custom_fonts/font = ExtResource( 10 )
Action = "ui_up"

[node name="HBoxActionRow2" type="HBoxContainer" parent="CntPanels/PnlControls/VBoxActions"]
margin_top = 46.0
margin_right = 560.0
margin_bottom = 88.0
size_flags_vertical = 3
custom_constants/separation = 20

[node name="LblAction" type="Label" parent="CntPanels/PnlControls/VBoxActions/HBoxActionRow2"]
margin_top = 12.0
margin_right = 308.0
margin_bottom = 29.0
size_flags_horizontal = 3
custom_fonts/font = ExtResource( 10 )
text = "Down"
align = 2

[node name="BtnRemap" parent="CntPanels/PnlControls/VBoxActions/HBoxActionRow2" instance=ExtResource( 4 )]
margin_left = 328.0
margin_right = 560.0
margin_bottom = 42.0
size_flags_stretch_ratio = 0.75
theme = ExtResource( 15 )
custom_fonts/font = ExtResource( 10 )
Action = "ui_down"

[node name="HBoxActionRow3" type="HBoxContainer" parent="CntPanels/PnlControls/VBoxActions"]
margin_top = 92.0
margin_right = 560.0
margin_bottom = 134.0
size_flags_vertical = 3
custom_constants/separation = 20

[node name="LblAction" type="Label" parent="CntPanels/PnlControls/VBoxActions/HBoxActionRow3"]
margin_top = 12.0
margin_right = 308.0
margin_bottom = 29.0
size_flags_horizontal = 3
custom_fonts/font = ExtResource( 10 )
text = "Left"
align = 2

[node name="BtnRemap" parent="CntPanels/PnlControls/VBoxActions/HBoxActionRow3" instance=ExtResource( 4 )]
margin_left = 328.0
margin_right = 560.0
margin_bottom = 42.0
size_flags_stretch_ratio = 0.75
theme = ExtResource( 15 )
custom_fonts/font = ExtResource( 10 )
Action = "ui_left"

[node name="HBoxActionRow4" type="HBoxContainer" parent="CntPanels/PnlControls/VBoxActions"]
margin_top = 138.0
margin_right = 560.0
margin_bottom = 181.0
size_flags_vertical = 3
custom_constants/separation = 20

[node name="LblAction" type="Label" parent="CntPanels/PnlControls/VBoxActions/HBoxActionRow4"]
margin_top = 13.0
margin_right = 308.0
margin_bottom = 30.0
size_flags_horizontal = 3
custom_fonts/font = ExtResource( 10 )
text = "Right"
align = 2

[node name="BtnRemap" parent="CntPanels/PnlControls/VBoxActions/HBoxActionRow4" instance=ExtResource( 4 )]
margin_left = 328.0
margin_right = 560.0
margin_bottom = 43.0
size_flags_stretch_ratio = 0.75
theme = ExtResource( 15 )
custom_fonts/font = ExtResource( 10 )
Action = "ui_right"

[node name="HBoxActionRow5" type="HBoxContainer" parent="CntPanels/PnlControls/VBoxActions"]
margin_top = 185.0
margin_right = 560.0
margin_bottom = 227.0
size_flags_vertical = 3
custom_constants/separation = 20

[node name="LblAction" type="Label" parent="CntPanels/PnlControls/VBoxActions/HBoxActionRow5"]
margin_top = 12.0
margin_right = 308.0
margin_bottom = 29.0
size_flags_horizontal = 3
custom_fonts/font = ExtResource( 10 )
text = "Attack"
align = 2

[node name="BtnRemap" parent="CntPanels/PnlControls/VBoxActions/HBoxActionRow5" instance=ExtResource( 4 )]
margin_left = 328.0
margin_right = 560.0
margin_bottom = 42.0
size_flags_stretch_ratio = 0.75
theme = ExtResource( 15 )
custom_fonts/font = ExtResource( 10 )
Action = "ui_select"

[node name="HBoxActionRow9" type="HBoxContainer" parent="CntPanels/PnlControls/VBoxActions"]
margin_top = 231.0
margin_right = 560.0
margin_bottom = 274.0
size_flags_vertical = 3
custom_constants/separation = 20

[node name="LblAction" type="Label" parent="CntPanels/PnlControls/VBoxActions/HBoxActionRow9"]
margin_top = 13.0
margin_right = 308.0
margin_bottom = 30.0
size_flags_horizontal = 3
custom_fonts/font = ExtResource( 10 )
text = "Pause"
align = 2

[node name="BtnRemap" parent="CntPanels/PnlControls/VBoxActions/HBoxActionRow9" instance=ExtResource( 4 )]
margin_left = 328.0
margin_right = 560.0
margin_bottom = 43.0
size_flags_stretch_ratio = 0.75
theme = ExtResource( 15 )
custom_fonts/font = ExtResource( 10 )
Action = "ui_cancel"

[node name="LblTitle" type="Label" parent="CntPanels/PnlControls"]
margin_right = 668.0
margin_bottom = 44.0
custom_fonts/font = ExtResource( 16 )
text = "Controls"
align = 1
valign = 1
__meta__ = {
"_edit_use_anchors_": false
}

[node name="LblInfo" type="Label" parent="CntPanels/PnlControls"]
margin_left = 14.0
margin_top = 328.0
margin_right = 707.0
margin_bottom = 355.0
text = "test"
align = 1
valign = 1
clip_text = true
__meta__ = {
"_edit_use_anchors_": false
}

[node name="VBoxBtns" type="VBoxContainer" parent="."]
margin_left = 38.4214
margin_top = 70.0
margin_right = 150.421
margin_bottom = 234.0
custom_constants/separation = -1
__meta__ = {
"_edit_use_anchors_": false
}

[node name="BtnControls" type="Button" parent="VBoxBtns"]
visible = false
margin_right = 112.0
margin_bottom = 55.0
focus_mode = 0
size_flags_horizontal = 3
size_flags_vertical = 3
theme = ExtResource( 15 )
text = "Controls"

[node name="BtnAudio" type="Button" parent="VBoxBtns"]
margin_right = 112.0
margin_bottom = 82.0
focus_mode = 0
size_flags_horizontal = 3
size_flags_vertical = 3
theme = ExtResource( 9 )
text = "Audio"

[node name="BtnGraphics" type="Button" parent="VBoxBtns"]
margin_top = 81.0
margin_right = 112.0
margin_bottom = 164.0
focus_mode = 0
size_flags_horizontal = 3
size_flags_vertical = 3
theme = ExtResource( 9 )
text = "Graphics"

[node name="BtnClose" parent="." instance=ExtResource( 14 )]
margin_left = 681.224
margin_top = 463.591
margin_right = 783.224
margin_bottom = 498.591
text = "Close"

[node name="BtnApply" parent="." instance=ExtResource( 14 )]
margin_left = 796.0
margin_top = 463.591
margin_right = 898.0
margin_bottom = 498.591
text = "Apply"

[node name="PnlConfirmExit" type="Panel" parent="."]
visible = false
anchor_left = 0.5
anchor_top = 0.5
anchor_right = 0.5
anchor_bottom = 0.5
margin_left = -146.5
margin_top = -82.5
margin_right = 150.5
margin_bottom = 83.5
custom_styles/panel = ExtResource( 11 )
__meta__ = {
"_edit_use_anchors_": false
}

[node name="LblConfirm" type="Label" parent="PnlConfirmExit"]
margin_left = 24.0
margin_top = 22.0
margin_right = 337.0
margin_bottom = 79.0
text = "You have unsaved changes.
Are you sure you want to exit?"
autowrap = true

[node name="BtnConfirmClose" parent="PnlConfirmExit" instance=ExtResource( 14 )]
margin_left = 161.154
margin_top = 98.9514
margin_right = 261.154
margin_bottom = 148.951
text = "Close"

[node name="BtnCancel" parent="PnlConfirmExit" instance=ExtResource( 14 )]
margin_left = 36.1541
margin_top = 98.9514
margin_right = 136.154
margin_bottom = 148.951
text = "Cancel"
[connection signal="pressed" from="VBoxBtns/BtnControls" to="." method="OnBtnControlsPressed"]
[connection signal="pressed" from="VBoxBtns/BtnAudio" to="." method="OnBtnAudioPressed"]
[connection signal="pressed" from="VBoxBtns/BtnGraphics" to="." method="OnBtnGraphicsPressed"]
[connection signal="pressed" from="BtnClose" to="." method="OnBtnClosePressed"]
[connection signal="pressed" from="BtnApply" to="." method="OnBtnApplyPressed"]
[connection signal="pressed" from="PnlConfirmExit/BtnConfirmClose" to="." method="OnBtnConfirmClosePressed"]
[connection signal="pressed" from="PnlConfirmExit/BtnCancel" to="." method="OnBtnCancelPressed"]
