[gd_scene load_steps=8 format=2]

[ext_resource path="res://Props/InfoProp/InfoProp.cs" type="Script" id=1]
[ext_resource path="res://icon.png" type="Texture" id=2]
[ext_resource path="res://Interface/Themes/HospitalMain.tres" type="Theme" id=3]
[ext_resource path="res://Interface/Panels/InfoPanel.tscn" type="PackedScene" id=5]
[ext_resource path="res://Props/InfoProp/Cake/Cake.png" type="Texture" id=6]
[ext_resource path="res://Props/InfoProp/Cake/CakeBitmask.png" type="BitMap" id=7]
[ext_resource path="res://Interface/Buttons/BtnBase/BtnBase.tscn" type="PackedScene" id=9]

[node name="InfoProp" type="TextureButton"]
margin_left = -16.0
margin_top = -21.0
margin_right = 16.0
margin_bottom = 20.0
theme = ExtResource( 3 )
texture_normal = ExtResource( 6 )
texture_click_mask = ExtResource( 7 )
expand = true
stretch_mode = 2
script = ExtResource( 1 )
__meta__ = {
"_edit_use_anchors_": false
}
_infoText = "A bowl of mixed nuts."
_searchable = true
_searchText = "Are you sure you want to go through the stress of searching this bowl of mixed nuts?"

[node name="InfoPanel" parent="." instance=ExtResource( 5 )]

[node name="Sprite" type="Sprite" parent="."]
visible = false
texture = ExtResource( 2 )
centered = false
region_enabled = true
region_rect = Rect2( 840.894, 669.866, 31.9561, 43.9395 )

[node name="LayerSearch" type="CanvasLayer" parent="."]
pause_mode = 2

[node name="PnlSearch" type="Panel" parent="LayerSearch"]
visible = false
anchor_left = 0.5
anchor_top = 0.5
anchor_right = 0.5
anchor_bottom = 0.5
margin_left = -198.0
margin_top = -121.0
margin_right = 198.0
margin_bottom = 121.0
theme = ExtResource( 3 )
__meta__ = {
"_edit_use_anchors_": false
}

[node name="LblSearch" type="Label" parent="LayerSearch/PnlSearch"]
margin_left = 32.0
margin_top = 14.0
margin_right = 361.0
margin_bottom = 153.0
text = "Are you sure you want to go through the stress of searching this bowl of mixed nuts?"
align = 1
valign = 1
autowrap = true

[node name="HBox" type="HBoxContainer" parent="LayerSearch/PnlSearch"]
anchor_left = 0.5
anchor_top = 1.0
anchor_right = 0.5
anchor_bottom = 1.0
margin_left = -168.0
margin_top = -78.0
margin_right = 168.0
margin_bottom = -12.0
custom_constants/separation = 25
alignment = 1
__meta__ = {
"_edit_use_anchors_": false
}

[node name="BtnCancel" parent="LayerSearch/PnlSearch/HBox" instance=ExtResource( 9 )]
margin_left = 0.0
margin_top = 0.0
margin_right = 155.0
margin_bottom = 66.0
size_flags_horizontal = 3
size_flags_vertical = 3
text = "Cancel"

[node name="BtnSearch" parent="LayerSearch/PnlSearch/HBox" instance=ExtResource( 9 )]
margin_left = 180.0
margin_top = 0.0
margin_right = 336.0
margin_bottom = 66.0
size_flags_horizontal = 3
size_flags_vertical = 3
text = "Search"

[node name="PnlFailed" type="Panel" parent="LayerSearch"]
visible = false
anchor_left = 0.5
anchor_top = 0.5
anchor_right = 0.5
anchor_bottom = 0.5
margin_left = -182.0
margin_top = -75.0
margin_right = 183.0
margin_bottom = 84.0
theme = ExtResource( 3 )
__meta__ = {
"_edit_use_anchors_": false
}

[node name="Label" type="Label" parent="LayerSearch/PnlFailed"]
anchor_left = 0.5
anchor_right = 0.5
margin_left = -180.5
margin_top = 8.0
margin_right = 180.5
margin_bottom = 90.0
text = "You've come up empty! And your heart's taken a beating from all the stress!"
align = 1
valign = 1
autowrap = true

[node name="BtnOkay" parent="LayerSearch/PnlFailed" instance=ExtResource( 9 )]
anchor_left = 0.5
anchor_top = 1.0
anchor_right = 0.5
anchor_bottom = 1.0
margin_left = -68.5
margin_top = -56.0
margin_right = 69.5
margin_bottom = -9.0
text = "Oh dear..."

[node name="SoundPlayer" type="AudioStreamPlayer2D" parent="."]
pause_mode = 2
[connection signal="gui_input" from="." to="." method="OnBtnSpriteGuiInput"]
[connection signal="mouse_entered" from="." to="." method="OnMouseEntered"]
[connection signal="mouse_exited" from="." to="." method="OnMouseExited"]
[connection signal="pressed" from="LayerSearch/PnlSearch/HBox/BtnCancel" to="." method="OnBtnCancelPressed"]
[connection signal="pressed" from="LayerSearch/PnlSearch/HBox/BtnSearch" to="." method="OnBtnSearchPressed"]
[connection signal="pressed" from="LayerSearch/PnlFailed/BtnOkay" to="." method="OnBtnOkayPressed"]
